@book{Catalisys, 
    title = {Catalisys Objects, Components and Frameworks with UML: The Catalysis Approach},
    author = {Desmond Francis D'Souza and Alan Cameron Wills},
    year = {1999},
    publisher = {Addison-Wesley},
}

@book{DSDM, 
    title = {Dynamic System Development Method},
    author = {Benjamin J. J. Voigt},
    year = {2004},
    publisher = {Department of Information Technology - University of Zurich},
}

@book{Crystal, 
    title = {Crystal Clear : A Human-Powered Methodology for Small Teams},
    author = {Alistair Cockburn},
    year = {2004},
    publisher = {Addison-Wesley Professional},
}

@misc {FDD, 
    title = {Feature Driven Development},
    author = {Nebulon Pty. Ltd},
    year = {2010},
    howpublished = {Disponível em http://www.featuredrivendevelopment.com/, acesso em 10/03/2010},
}


@book {ASD, 
    title = {Adaptive Software Development: A Collaborative Approach to Managing Complex Systems},
    author = {Jim A. Highsmith},
    year = {2000},
    publisher = {Dorset House},
}

@book {Pressman, 
    title = {Engenharia de Software},
    author = {R. Pressman},
    year = {2001},
    publisher = {McGraw-Hill},
}

@book {Cascata, 
    title = { Managing the developmentof large software systems: concepts and techniques},
    author = {W. W. Royce},
    year = {1970},
    publisher = {In: PROCEEDINGS OF WESCON},
}

@book {Prototipacao, 
    title = {Tri-Cycle: A Prototype Methodology for Advanced Software Development},
    author = {D.A. Fern and S.E. Donaldson},
    year = {1989},
    publisher = {Software Track},  
}
    
     
@book {Cohn, 
    title = {Agile Estimating and Planning}
    author = {Mike Cohn},
    year = 2005,
    publisher = {Addison-Wesley},
} 

@book {EUP,
    title = {The Enterprise Unified Process: Extending the Rational Unified Process}
    author = {Scott W. Ambler and John Nalbone and Michael Vizdos}
    year = {2005}
    publishee = {Prentice Hall},
}

@book{Lean,
 title = {Lean Software Development: An Agile Toolkit},
 author = {Mary Poppendieck and Tom Poppendieck},
 publisher = {Addison-Wesley},
 year = 2003,
 address = {New York}
}

@misc{ScrumXP,
 title = {Scrum and XP from the Trenches},
 author = {Henrik Kniberg},
 year = 2007,
 publisher = {C4Media},
 howpublished = {Disponível em http://www.crisp.se/henrik.kniberg/ScrumAndXpFromTheTrenches.pdf, acesso em 10/03/2010}

@Book{XPExplained,
    author = {Kent Beck and Cynthia Andres},
    title = {Extreme Programming Explained: Embrace Changes},
    publisher = {Addison-Wesley},
    year = {2004},
    edition = {2nd},
    }

@Book{BecomingAgile,
  author = {Greg Smith and Ahmed Sidky},
  title = {Becoming Agile},
  publisher = {Wanning},
  year = {2009},
}

@Misc{Chaos2009,
  title = {New Standish Group report shows more project failing and less successful projects},
  author = {Standish Group},
  year = {2009},
  howpublished = {Disponível em http://standishgroup.com/newsroom/chaos_2009.php, acesso em 25/02/2010},
}

@Misc{EscopoNegociavel,
  title = {Contrato de Escopo Negociável},
  author = {Vinícius Teles},
  year = {2007},
  howpublished = {Disponível em http://www.improveit.com.br/xp/praticas/contrato, acesso em 03/03/2010},
}

@Misc{Tiobe,
  title = {TIOBE Programming Community Index for February 2010},
  author = {Tio Be},
  year = {2010},
  howpublished = {Disponível em http://www.tiobe.com/index.php/content/paperinfo/tpci/index.html, acesso em 25/02/2010},
}

@Misc{EmpresasAgeis,
  title = {Empresas Brasileiras Que Utilizam Métodos Ágeis},
  author = {Agil Coop},
  year = {2010},
  howpublished = {Disponível em http://agilcoop.incubadora.fapesp.br/portal/sucessos, acesso em 25/02/2010},
}

@Misc{AgileManifesto,
  title = {Agile Manifesto},
  author = {Kent Beck and Martin Fowler and Alistair Cockburn and Ken Schwaber and Erich Gamma},
  year = {2001},
  howpublished = {Disponível em http://agilemanifesto.org/, acesso em 25/02/2010},
}

@Misc{PrincipiosAgeis,
  title = {Lendo Os Princípios Ágeis},
  author = {Fábio Akita},
  year = {2010},
  howpublished = {Disponível em http://akitaonrails.com/2010/01/30/off-topic-lendo-os-principios-ageis, acesso em 25/02/2010},
}

@Misc{Dicionario,
  title = {Michaelis On Line},
  author = {Michaelis},
  year = {2010},
  howpublished = {Disponível em http://michaelis.com.br, acesso em 23/02/2010},
}


