@Book{XP,
    author = {Kent Beck and C Andres},
    title = {Extreme Programming Explained: Embrace Changes},
    publisher = {Addison-Wesley},
    year = {2004},
    edition = {2nd},
    }

@Book{TDD,
    author = {Kent Beck},
    title = {Test-Driven Development by Example},
    publisher = {Addison-Wesley},
    year = {2003},
}

@Book{CI,
    author = {Paul M. Duvall},
    title = {Continuous integration: improving software quality and reducing risk},
    publisher = {Addison-Wesley},
    year = {2007},
}

@Book{DebugIt,
    author = {P Butcher},
    title = {Debug It!},
    publisher = {Pragmatic Programmer Bookshelf},
    year = {2009},
}

@Book{BDD,
    author = {David Chelimsky and Dave Astels and Zach Dennis and Aslak Hellesøy and B. Helmkamp and Dan North},
    publisher = {Pragmatic Programmer Bookshelf},
    year = {2010},
} 

@Misc{Fowler,
    author = {Martin Fowler},
    title = {Continuous Integration},
    howpublished = {Disponível em http://martinfowler.com/articles/continuousIntegration.html, acesso em 03/03/2010},
}

@Misc{Teles,
  author = {Vinícius Teles},
  title = {Integração Contínua},
  howpublished = {Disponível em http://improveit.com.br/xp/praticas/integracao, acesso em 25 de fevereiro de 2010}
}

@Misc{Kniberg,
  title = {Scrum and XP from the Trenches},
  author = {Henrik Kniberg},
  year = {2007},
  publisher = {C4Media},
  howpublished = {Disponível em http://www.infoq.com/resource/minibooks/scrum-xp-from-the-trenches/en/pdf/ScrumAndXpFromTheTrenchesonline07-31.pdf, acesso em 04/03/2010}
}

