@book{NaurRandell1968,
  title = {{Software Engineering: Report on a Conference Sponsored by the NATO Science Commitee}},
  author = {Peter Naur and Brian Randell},
  publisher = {},
  year = 1968,
  address = {Garmisch/Germany}
}

@article{HumbleProgrammer,
  title = {{The Humble Programmer}},
  author = {Edsger Dijkstra},
  journal = {Communications of ACM}, 
  publisher = {Association for Computer Machinery},
  year = 1972,
  volume = 15,
  number = 10
}

@book{Pressman,
  title = {{Software Engineering: A Practitioner's Approach}},
  author = {Roger S. Pressman},
  publisher = {McGraw-Hill},
  year = 1997,
  address = {New York},
  edition = 4
}

@mastersthesis{MestradoTeles,
  title = {{Um Estudo de Caso da Adoção das Práticas e Valores do Extreme Programming}},
  author = {Vinícius Teles},
  year = 2005,
  address = {Rio de Janeiro},
  school = {Universidade Federal do Rio de Janeiro}
}

@article{WaterfallRoyce,
  title = {{Managing the Development of Large Software Systems}},
  author = {Winston Royce},
  journal = {IEEE WESCON}, 
  publisher = {IEEE},
  year = 1970,
  volume = 26,
  pages = {1-9},
}

@book{MythicalManMonth,
  title = {{The Mythical Man-Month}},
  author = {Fred Brooks},
  publisher = {Addison-Wesley},
  year = 1995,
  address = {New York}
}

@book{ToyotaProductionSystem,
  title = {{Toyota Production System: Beyond Large-Scale Production}},
  author = {Taiichi Ohno},
  publisher = {Productivity Press},
  year = 1988,
  address = {New York}
}

@book{ToyotaWay,
  title = {{The Toyota Way}},
  author = {Jeffrey Liker},
  publisher = {McGraw-Hill},
  year = 2003,
  address = {New York}
}

@misc{AgileManifesto,
  title = {{Manifesto for Agile Software Development}},
  author = {Kent Beck and Martin Fowler and Alistair Cockburn and Ken Schwaber and Erich Gamma},
  year = 2001,
  howpublished = {Disponível em http://agilemanifesto.org, acesso em 06/01/2009}
}

@misc{NewMethodologyFowler,
  title = {{The New Methodology}},
  author = {Martin Fowler},
  year = 2005,
  howpublished = {Disponível em http://martinfowler.com/articles/newMethodology.html, acesso em 06/01/2009}
}

@book{PlanningXP,
  title = {{Planning Extreme Programming}},
  author = {Kent Beck and Martin Fowler},
  publisher = {Addison-Wesley},
  year = 2000,
  address = {New York}
}

@book{LeanSoftwareDevelopment,
  title = {{Lean Software Development: An Agile Toolkit}},
  author = {Mary Poppendieck and Tom Poppendieck},
  publisher = {Addison-Wesley},
  year = 2003,
  address = {New York}
}

@incollection{Kurz1995,
  title = {{Mit Volldampf in den Kollaps}},
  author = {Robert Kurz},
  booktitle = {Krise - Welche Krise?},
  publisher = {ID-Archiv},
  year = 1995,
  address = {Berlim/Amsterdan}
}

@book{Boehm1981,
  title = {{Software Engineering Economics}},
  author = {Barry Boehm},
  publisher = {Prentice-Hall},
  year = 1981,
  address = {New York}
}

@book{XP,
  title = {{Extreme Programming Explained: Embrace Change}},
  author = {Kent Beck},
  publisher = {Addision-Wesley},
  year = 1999,
  address = {New York}
}

@misc{IterativeIncrementalUncleBob,
  title = {{Iterative and Incremental Development}},
  author = {Robert Martin},
  year = 1999,
  howpublished = {Disponível em http://www.objectmentor.com/resources/ articles/IIDII.pdf, acesso em 07/01/2009}
}

@book{Taylor,
  title = {{Princípios da Administração Científica}},
  author = {Frederick Taylor},
  publisher = {Atlas},
  year = 1990,
  edition = 8,
  address = {São Paulo}
}

@book{XPInstalled,
  title = {{Extreme Programming Installed}},
  author = {Ron Jeffries and Ann Anderson and Chet Hendrickson},
  publisher = {Addison-Wesley},
  year = 2001,
  address = {New York}
}

@book{AgileRetrospectives,
  title = {{Agile Retrospectives: Making Good Teams Great}},
  author = {Esther Derby and Diana Larsen},
  publisher = {The Pragmatic Bookshelf},
  year = 2006,
  address = {Dallas}
}

@book{XP2ndEd,
  title = {{Extreme Programming Explained: Embrace Change}},
  author = {Kent Beck and Cynthia Andres},
  publisher = {Addision-Wesley},
  year = 2004,
  edition = 2,
  address = {New York}
}

@book{Scrum,
  title = {{Agile Project Management with Scrum}},
  author = {Ken Schwaber},
  publisher = {Microsoft Press},
  year = 2004,
  address = {New York}
}

@misc{FromTheTrenches,
  title = {{Scrum and XP from the Trenches}},
  author = {Henrik Kniberg},
  year = 2007,
  publisher = C4Media,
  howpublished = {Disponível em http://www.crisp.se/henrik.kniberg/ScrumAndXpFromTheTrenches.pdf, acesso em 07/01/2009}
}

@misc{IntroBDD,
  title = {{Introducing Behaviour-Driven Development}},
  author = {Dan North},
  year = 2006,
  publisher = DanNorth.net,
  howpublished = {Disponível em http://dannorth.net/introducing-bdd, acesso em 26/02/2010}
}

@book{RSpecBook,
  title = {{The RSpec Book: Behaviour Driven Development with RSpec, Cucumber, and Friends}},
  author = {David Chelimsky and Dave Astels and Zach Dennis and Aslak Hellesoy and Bryan Helmkamp and Dan North},
  publisher = {The Pragmatic Bookshelf},
  year = 2010,
  address = {Dallas}
}

@book{CleanCode,
  title = {{Clean Code: A Handbook of Agile Software Craftsmanship}},
  author = {Robert Martin},
  publisher = {Prentice-Hall},
  year = 2008,
  address = {New York}
}

@book{ImplementationPatterns,
  title = {{Implementation Patterns}},
  author = {Kent Beck},
  publisher = {Addison-Wesley},
  year = 2007,
  address = {New York}
}

@book{EmergentDesign,
  title = {Emergent Design: The Evolutionary Nature of Professional Software Development},
  author = {Scott Bain},
  publisher = {Addison-Wesley},
  year = 2008,
  address = {New York}
}

@book{Refactoring,
  title = {{Refactoring: Improving the Design of Existing Code}},
  author = {Martin Fowler and Kent Beck and John Brant and William Opdyke and Don Roberts},
  publisher = {Addison-Wesley},
  year = 1999,
  address = {New York}
}

@book{DDD,
  title = {{Domain-Driven Design: Tackling Complexity in the Heart of Software}},
  author = {Eric Evans},
  publisher = {Addison-Wesley},
  year = 2004,
  address = {New York}
}

@book{UserStoriesApplied,
  title = {{User Stories Applied: For Agile Software Development}},
  author = {Mike Cohn},
  publisher = {Addison-Wesley},
  year = 2004,
  address = {New York}
}

@book{UML,
  title = {{UML: Guia do Usuário}},
  author = {Grady Booch and James Rumbaugh and Ivar Jacobson},
  publisher = {Campus},
  edition = 2,
  year = 2005,
  address = {São Paulo}
}

@misc{WhatsInAStory,
  title = {{What's In a Story?}},
  author = {Dan North},
  year = 2007,
  publisher = DanNorth.net,
  howpublished = {Disponível em http://dannorth.net/whats-in-a-story, acesso em 01/03/2010}
}

@book{TDDByExample,
  title = {{Test-Driven Development By Example}},
  author = {Kent Beck},
  publisher = {Addison-Wesley},
  year = 2002,
  address = {New York}
}

@book{TestDrivenKoskela,
  title = {{Test Driven: TDD and Acceptance TDD for Java Developers}},
  author = {Lasse Koskela},
  publisher = {Manning},
  year = 2007,
  address = {New York}
}

@article{DrivingSoftwareQualityCrispin,
  title = {{Driving Software Quality: How Test-Driven Development Impacts Software Quality}},
  author = {Lisa Crispin},
  journal = {IEEE Software}, 
  publisher = {IEEE},
  year = 2006,
  volume = 23,
  number = 6,
  pages = 70--71
}

@book{TDDAstels,
  title = {{Test-Driven Development: A Practical Guide}},
  author = {Dave Astels},
  publisher = {Pearson Education},
  year = 2003,
  address = {Upper Saddle River, NJ}
}

@inproceedings{TDDDesignJanzen,
  author = {David Janzen and Hossein Saiedian},
  title = {{On the Influence of Test-Driven Development on Software Design}},
  booktitle = {Proceedings of the 19th Conference on Software Engineering Education \& Training},
  year = {2006},
  pages = {141--148},
  address = {North Shore Oahu, HI}
}

@book{xUnitPatterns,
  title = {{xUnit Patterns: Refactoring Test Code}},
  author = {Gerard Meszaros},
  publisher = {Addison-Wesley},
  year = 2007,
  address = {New York}
}

@book{GrowingTDD,
  title = {{Growing Object-Oriented Software, Guided By Tests}},
  author = {Steve Freeman and Nat Pryce},
  publisher = {Addison-Wesley},
  year = 2009,
  address = {New York}
}

@book{EngSoftPressman,
  title = {{Engenharia de Software}},
  author = {Roger Pressman},
  publisher = {McGraw-Hill},
  year = 2006,
  edition = 6,
  address = {São Paulo}
}

@book{EngSoftSommerville,
  title = {{Engenharia de Software}},
  author = {Ian Sommerville},
  publisher = {Pearson Addison-Wesley},
  year = 2007,
  edition = 8,
  address = {São Paulo}
}

@inproceedings{SoftwareArchitectureTDD,
  author = {David Janzen},
  title = {{Software Architecture Improvement Through Test-Driven Development}},
  booktitle = {Proceedings of the 20th Annual ACM SIGPLAN Conference on Object-Oriented Programming, Systems, Languages and Applications},
  year = {2005}
}

@inproceedings{TDDDefectReduction,
  author = {Laurie Williams and Michael Maximilien and Mladen Vouk},
  title = {{Test-Driven Development as a Defect Reduction Practice}},
  booktitle = {Proceedings of the 14th International Symposium on Software Reliability Engineering},
  year = {2003}
}

@article{EffectivenessTestFirst,
  title = {{On the Effectiveness of Test-First Approach to Programming}},
  author = {Hakan Erdogmus and Maurizio Morisio and Marco Torchiano},
  journal = {IEEE Transactions on Software Engineering},
  publisher = {IEEE},
  year = 2005,
  volume = 31,
  number = 3,
  pages = 226--237
}

@article{ArtOfFearlessProgramming,
  title = {{TDD: The Art of Fearless Programming}},
  author = {Ron Jeffries and Grigori Melnik},
  journal = {IEEE Software},
  publisher = {IEEE},
  year = 2007,
  volume = 24,
  number = 3,
  pages = 24--30
}

@misc{CIFowler,
  title = {{Continuous Integration}},
  author = {Martin Fowler},
  year = 2006,
  publisher = MartinFowler.com,
  howpublished = {Disponível em http://martinfowler.com/articles/continuousIntegration.html, acesso em 01/03/2010}
}

@misc{CIShore,
  title = {{Continuous Integration Is an Attitude, Not a Tool}},
  author = {James Shore},
  year = 2005,
  howpublished = {Disponível em http://jamesshore.com/Blog/Continuous-Integration-is-an-Attitude.html, acesso em 01/03/2010}
}

@book{CIDuvall,
  title = {{Continuous Integration: Improving Quality and Reducing Risk}},
  author = {Paul Duvall and Steve Matyas and Andrew Glover},
  publisher = {Addison-Wesley},
  year = 2007,
  address = {New York}
}

@misc{WhatIsSoftwareDesign,
  title = {{What Is Software Design?}},
  author = {Jack Reeves},
  year = 1992,
  howpublished = {Disponível em http://www.bleading-edge.com/Publications/C++Journal/Cpjour2.htm, acesso em 03/03/2010}
}

@book{CodeComplete,
  title = {{Code Complete: A Pratical Handbook of Software Construction}},
  author = {Steve McConnell},
  publisher = {Microsoft Press},
  year = 2004,
  edition = 2,
  address = {New York}
}

@misc{EscopoNegociavel,
  title = {{Contrato de Escopo Negociável}},
  author = {Vinícius Teles},
  year = 2007,
  howpublished = {Disponível em http://www.improveit.com.br/xp/praticas/contrato, acesso em 03/03/2010}
}

@misc{ROI,
  title = {{ROI, It's Your Job}},
  author = {Jim Johnson},
  year = 2002,
  howpublished = {Keynote na 3rd International Conference on Extreme Programming},
  address = {Alghero, Itália}
}